@article{opencv_library,
    author = {Bradski, G.},
    citeulike-article-id = {2236121},
    journal = {Dr. Dobb's Journal of Software Tools},
    keywords = {bibtex-import},
    posted-at = {2008-01-15 19:21:54},
    priority = {4},
    title = {{The OpenCV Library}},
    year = {2000}
}

@@article{viola2001rapid,
	title={Rapid object detection using a boosted cascade of simple features},
	author={Paul Viola and Michael Jones},
	journal={CVPR (1)},
	volume={1},
	pages={511--518},
	year={2001}
}

@inproceedings{lienhart2002extended,
	title={An extended set of haar-like features for rapid object detection},
	author={Rainer Lienhart and Jochen Maydt},
	booktitle={Proceedings. International Conference on Image Processing},
	volume={1},
	pages={I--I},
	year={2002},
	organization={IEEE}
}

@techreport{amos2016openface,
	title={OpenFace: A general-purpose face recognition
	library with mobile applications},
	author={Amos, Brandon and Bartosz Ludwiczuk and Satyanarayanan, Mahadev},
	year={2016},
	institution={CMU-CS-16-118, CMU School of Computer Science},
}

@book{goodfellow2016deep,
	title={Deep learning},
	author={Goodfellow, Ian and Bengio, Yoshua and Courville, Aaron},
	year={2016},
	publisher={MIT press},
	pages={330-372}
}

@book{shalev2014understanding,
	title={Understanding machine learning: From theory to algorithms},
	author={Shalev-Shwartz, Shai and Ben-David, Shai},
	year={2014},
	publisher={Cambridge university press},
	pages={219-227}
}

@article{scikit-learn,
	title={Scikit-learn: Machine Learning in {P}ython},
	author={Pedregosa, F. and Varoquaux, G. and Gramfort, A. and Michel, V.
	and Thirion, B. and Grisel, O. and Blondel, M. and Prettenhofer, P.
	and Weiss, R. and Dubourg, V. and Vanderplas, J. and Passos, A. and
	Cournapeau, D. and Brucher, M. and Perrot, M. and Duchesnay, E.},
	journal={Journal of Machine Learning Research},
	volume={12},
	pages={2825--2830},
	year={2011}
}

@inproceedings{parveen2006face,
	title={Face recognition using multiple classifiers},
	author={Parveen, Pallabi and Thuraisingham, Bhavani},
	booktitle={2006 18th IEEE International Conference on Tools with Artificial Intelligence (ICTAI'06)},
	pages={179--186},
	year={2006},
	organization={IEEE}
}

@book{wolf2011face,
	title={Face recognition in unconstrained videos with matched background similarity},
	author={Wolf, Lior and Hassner, Tal and Maoz, Itay},
	year={2011},
	publisher={IEEE}
}
